@misc{name2025company,
  title={Some Title},
  author={LastName, FirstName},
  year={2025},
  publisher={SomePublisher}
}
